@ARTICLE{shi2018, 
author={Y. {Shi} and C. {Otto} and A. K. {Jain}}, 
journal={IEEE Transactions on Information Forensics and Security}, 
title={Face Clustering: Representation and Pairwise Constraints}, 
year={2018}, 
volume={13}, 
number={7}, 
pages={1626-1640}, 
keywords={belief networks;computational complexity;face recognition;graph theory;image classification;learning (artificial intelligence);pattern clustering;probability;ConPaC;adjacency matrix;pairwise similarities;spectral clustering;pairwise constraints;improved clustering performance;face clustering;efficient large scale face retrieval;image classification problems;Conditional Pairwise Clustering;conditional random field model;loopy belief propagation;posterior probability;Face;Clustering algorithms;Hidden Markov models;Belief propagation;Measurement;Benchmark testing;Computational modeling;Face clustering;face representation;conditional random fields;pairwise constraints;semi-supervised clustering}, 
doi={10.1109/TIFS.2018.2796999}, 
ISSN={1556-6013}, 
month={July},}