@inproceedings{wang1998,
  title={Parking lot analysis and visualization from aerial images},
  author={Wang, Xiaoguang and Hanson, Allen R},
  pages={36--41},
  year={1998},
  booktitle = {Proceedings Fourth {IEEE} Workshop on Applications of Computer Vision. {WACV}{\textquotesingle}98 (Cat. No.98EX201)}
},