@inproceedings{ChingChunHuang2008,
	doi = {10.1109/icassp.2008.4518055},
	url = {https://doi.org/10.1109%2Ficassp.2008.4518055},
	year = 2008,
	month = {mar},
	publisher = {{IEEE}},
	author = {Ching-Chun Huang and  Sheng-Jyh Wang and  Yao-Jen Change and  Tsuhan Chen},
	title = {A Bayesian hierarchical detection framework for parking space detection},
	booktitle = {2008 {IEEE} International Conference on Acoustics, Speech and Signal Processing}
},