@article{Yamada_2001,
	doi = {10.1002/ecjc.1039},
	url = {https://doi.org/10.1002%2Fecjc.1039},
	year = 2001,
	publisher = {Wiley},
	volume = {84},
	number = {10},
	pages = {25--34},
	author = {Keiichi Yamada and Morimichi Mizuno},
	title = {A vehicle parking detection method using image segmentation},
	journal = {Electronics and Communications in Japan (Part {III}: Fundamental Electronic Science)}
},