@inproceedings{seo2009self,
  title={Self-Supervised Aerial Image Analysis for Extracting Parking Lot Structure},
  author={Seo, Young-Woo and Ratliff, Nathan D and Urmson, Chris},
  booktitle={International Joint Conferences on Artificial Intelligence},
  pages={1837--1842},
  year={2009}
},