@article{cheng2014,
	year = 2014,
	month = {feb},
	publisher = {American Society for Photogrammetry and Remote Sensing},
	volume = {80},
	number = {2},
	pages = {151--160},
	author = {Liang Cheng and Lihua Tong and Manchun Li and Yongxue Liu},
	title = {Extracting Parking Lot Structures from Aerial Photographs},
	journal = {Photogrammetric Engineering {\&} Remote Sensing}
},