@inproceedings{biemann2006,
    title = "{C}hinese Whispers - an Efficient Graph Clustering Algorithm and its Application to Natural Language Processing Problems",
    author = "Biemann, Chris",
    booktitle = "Proceedings of {T}ext{G}raphs: the First Workshop on Graph Based Methods for Natural Language Processing",
    month = jun,
    year = "2006",
    address = "New York City",
    publisher = "Association for Computational Linguistics",
    url = "https://www.aclweb.org/anthology/W06-3812",
    pages = "73--80",
}