@INPROCEEDINGS{cisek2017, 
author={D. {Cisek} and M. {Mahajan} and J. {Dale} and S. {Pepper} and Y. {Lin} and S. {Yoo}}, 
booktitle={2017 New York Scientific Data Summit (NYSDS)}, 
title={A transfer learning approach to parking lot classification in aerial imagery}, 
year={2017}, 
volume={}, 
number={}, 
pages={1-5}, 
keywords={convolution;image classification;image resolution;learning (artificial intelligence);neural nets;automatic parking lot extraction;high resolution aerial orthoimagery;UAV imagery;transfer learning approach;parking lot classification;aerial imagery;satellite imagery analysis;deep learning approach;general image classification datasets;Convolutional Neural Networks;full motion video;Training;Neural networks;Machine learning;Satellites;Object recognition;Visualization;Deep Learning;Neural Network;Geospatial;Automation;Satellite Imagery}, 
month={Aug},},