@ARTICLE{otto2018, 
author={C. {Otto} and D. {Wang} and A. K. {Jain}}, 
journal={IEEE Transactions on Pattern Analysis and Machine Intelligence}, 
title={Clustering Millions of Faces by Identity}, 
year={2018}, 
volume={40}, 
number={2}, 
pages={289-303}, 
keywords={face recognition;image matching;pattern clustering;face images;approximate rank-order clustering algorithm;LFW benchmark;internal per-cluster quality measure;face identity;F-measure;internal quality measures;run-time complexity;law enforcement;social media;Clustering algorithms;Approximation algorithms;Social network services;Videos;Face recognition;Scalability;Clustering methods;Face recognition;face clustering;deep learning;scalability;cluster validity}, 
doi={10.1109/TPAMI.2017.2679100}, 
ISSN={0162-8828}, 
month={Feb},},
