@article{mexasunsupervised,
	title={Unsupervised Recognition of Parking Lot Areas},
	author={Mexas, Antonio H and Marengoni, Maur\'{i}cio},
	booktitle={Proceedings of the International Conference on Machine Vision and Machine Learning},
	number={68},
	month={feb},
	year={2014},
	organization={Avestia}
},