@inproceedings{Weis2006,
	year = 2006,
	month = {apr},
	publisher = {{SAE} International},
	author = {Tim Weis and Benjamin May and Christian Schmidt},
	title = {A Method for Camera Vision Based Parking Spot Detection},
	booktitle = {{SAE} Technical Paper Series}
},