@article{kabak2010parking,
  title={Parking spot detection from aerial images},
  author={Kabak, Mehmet Ozan and Turgut, Ozhan},
  journal={Stanford University, Final Project Autumn 2010, Machine Learning class},
  year={2010}
}