% cb2Bib 2.0.0
@article{leonardochang2018,
author       = {L. Chang and A. Perez-Suarez and M. Gonzalez-Mendoza},
volume       = {4},
year         = {2017},
abstract     = {Face clustering is the task of grouping unlabeled face images according to individual identities.},
doi          = {10.1109/ACCESS.2017.DOI},
file         = {C:\Users\langh\Dropbox\MCC-I Masters\Papers\Face Clustering Over Video\references\Leonardo\Effective and Generalizable Graph-Based Clustering for Faces in the Wild\Effective and Generalizable Graph-Based Clustering for Faces in the Wild.pdf}
}