@inproceedings{Lixia_2012,
	doi = {10.1109/mines.2012.27},
	url = {https://doi.org/10.1109%2Fmines.2012.27},
	year = 2012,
	month = {nov},
	publisher = {{IEEE}},
	author = {Wang Lixia and Jiang Dalin},
	title = {A Method of Parking Space Detection Based on Image Segmentation and {LBP}},
	booktitle = {2012 Fourth International Conference on Multimedia Information Networking and Security}
}